%https://www.overleaf.com/learn/latex/Bibliography_management_in_LaTeX#Customizing_the_bibliography
@article{snake_strikes_back,
  author       = {Tristan Allard and Mathias Bernard},
  title        = {Snakes Strikes Back},
  year         = {2024},
  month        = {10},
  day          = {17}
}

@article{MIA_againstML_Paper,
  author       = {Reza Shokri and Marco Stronati and Congzheng Song and Vitaly Shmatikov},
  title        = {Membership Inference Attacks Against Machine Learning Models},
  company      = {Cornell Tech and INRIA}
}

@online{comparingDatasets,
  author = {MarkovML},
  title = {Comparing and Evaluating Datasets: A Simplified Guide},
  date = {2024-11-24},
  url = {https://www.markovml.com/blog/compare-datasets},
}

%@article{citation_key_article,
%  author       = {Author Name},
%  title        = {Title of the Article},
%  journal      = {Journal Name},
%  year         = {Year},
%  volume       = {Volume Number},
%  number       = {Issue Number},
%  pages        = {Start-End Pages},
%  month        = {Month},
%  note         = {Additional Notes},
%  doi          = {DOI},
%  issn         = {ISSN Number},
%  url          = {URL}
%}



@article{doppelGANger,
  author       = {Zinan Lin and Alankar Jain and Chen Wang and Giulia Fanti and Vyas Sekar},
  title        = {Using GANs for Sharing Networked Time Series Data : Challenges, Initial Promise, and Open Questions},
  institution  = {Cornell University},
  year         = {2021},
  month        = {01},
  day          = {17},
  note         = {Présentation du modèle DoppelGANger},
  url          = {https://arxiv.org/abs/1909.13403}
}

%@book{citation_key_book,
%  author       = {Author Name},
%  title        = {Title of the Book},
%  publisher    = {Publisher Name},
%  year         = {Year of Publication},
%  volume       = {Volume Number},
%  series       = {Series Title},
%  address      = {Publisher Address},
%  edition      = {Edition (e.g., 2nd)},
%  month        = {Month},
%  note         = {Additional Notes},
%  isbn         = {ISBN Number}
%}

@book{introML,
  author       = {Chloé-Agathe Azencott},
  title        = {Introduction au Machine Learning},
  publisher    = {Dunod},
  year         = {2022},
  series       = {InfoSup},
  edition      = {(2nd)},
  month        = {02}
}

@book{MLFondamentaux,
  author       = {Matt Harrison},
  title        = {Machine Learning - Les Fondamentaux. Exploiter des données structurées en Python},
  publisher    = {O'Reilly},
  year         = {2020},
}

@book{UDL,
  author       = {Simon J.D. Prince},
  title        = {Understanding Deep Learning},
  publisher    = {MIT},
  year         = {2024},
}


%@inproceedings{citation_key_conference,
%  author       = {Author Name},
%  title        = {Title of the Paper},
%  booktitle    = {Title of the Conference Proceedings},
%  year         = {Year},
%  editor       = {Editor(s) Name},
%  volume       = {Volume Number},
%  number       = {Issue Number},
%  series       = {Series Title},
%  pages        = {Start-End Pages},
%  address      = {Publisher Address},
%  month        = {Month},
%  organization = {Sponsoring Organization},
%  publisher    = {Publisher Name},
%  note         = {Additional Notes}
%}

%@incollection{citation_key_chapter,
%  author       = {Author Name},
%  title        = {Title of the Chapter},
%  booktitle    = {Title of the Book},
%  publisher    = {Publisher Name},
%  year         = {Year of Publication},
%  editor       = {Editor(s) Name},
%  volume       = {Volume Number},
%  number       = {Issue Number},
%  series       = {Series Title},
%  type         = {Type of Work},
%  chapter      = {Chapter Number},
%  pages        = {Start-End Pages},
%  address      = {Publisher Address},
%  edition      = {Edition (e.g., 2nd)},
%  month        = {Month},
%  note         = {Additional Notes}
%}

%@booklet{citation_key_booklet,
%  title        = {Title of the Booklet},
%  author       = {Author Name},
%  howpublished = {How It Was Published},
%  address      = {Publisher Address},
%  month        = {Month},
%  year         = {Year},
%  note         = {Additional Notes}
%}


@online{wikiTrainingValidationTest,
  title        = {Training, validation, and test data sets},
  howpublished = {En ligne},
  year         = {2024},
  month        = {11},
  note         = {Page Wikipedia rappelant la différence entre les datasets d'entraînement et de test},
  url          = {https://en.wikipedia.org/wiki/Training,_validation,_and_test_data_sets}
}

@online{wikiJSD,
  title        = {Jensen–Shannon divergence},
  howpublished = {En ligne},
  year         = {2024},
  month        = {10},
  note         = {Page Wikipedia de la Divergence de Jensen-Shannon},
  url          = {https://en.wikipedia.org/wiki/Jensen–Shannon_divergence#Applications}
}

@online{wikiKLD,
  title        = {Divergence de Kullback-Leibler},
  howpublished = {En ligne},
  year         = {2024},
  month        = {09},
  note         = {Page Wikipedia de la Divergence de Kullback-Leibler},
  url          = {https://fr.wikipedia.org/wiki/Divergence_de_Kullback-Leibler}
}

@online{gaussianNB,
  title        = {Gaussian Naive Bayes Explained With Scikit-Learn},
  howpublished = {En ligne},
  year         = {2023},
  month        = {11},
  note         = {Tutoriel pour construire un classifieur bayésien naïf},
  url          = {https://builtin.com/artificial-intelligence/gaussian-naive-bayes}
}

@online{wikiOverfitting,
  title        = {Overfitting},
  howpublished = {En ligne},
  year         = {2024},
  month        = {11},
  note         = {Page Wikipedia de l'Overfitting},
  url          = {https://en.wikipedia.org/wiki/Overfitting#Machine_learning}
}

@online{wikiAML,
  title        = {Adversarial Machine Learning},
  howpublished = {En ligne},
  year         = {2024},
  month        = {11},
  note         = {Page Wikipedia de l'Adversarial Machine Learning},
  url          = {https://en.wikipedia.org/wiki/Adversarial_machine_learning#Adversarial_attacks_and_training_in_linear_models}
}

@online{wikiML,
  title        = {Machine Learning},
  howpublished = {En ligne},
  year         = {2024},
  month        = {11},
  note         = {Page Wikipedia du Machine Learning},
  url          = {https://en.wikipedia.org/wiki/Machine_learning}
}

@online{wikiGAN,
  title        = {Generative adversarial network},
  howpublished = {En ligne},
  year         = {2024},
  month        = {11},
  note         = {Page Wikipedia du modèle GAN},
  url          = {https://en.wikipedia.org/wiki/Generative_adversarial_network}
}

@online{wikiBN,
  title        = {Classification naïve bayésienne},
  howpublished = {En ligne},
  year         = {2024},
  month        = {08},
  note         = {Page Wikipedia du modèle bayésien naïf},
  url          = {https://fr.wikipedia.org/wiki/Classification_naïve_bayésienne}
}

@online{wikiRL,
  title        = {Régression logistique},
  howpublished = {En ligne},
  year         = {2024},
  month        = {11},
  note         = {Page Wikipedia de la régression logistique},
  url          = {https://fr.wikipedia.org/wiki/Régression_logistique}
}

@online{wikiRNN,
  title        = {Nearest neighbor search},
  howpublished = {En ligne},
  year         = {2024},
  month        = {08},
  note         = {Page Wikipedia anglophone de la recherche des plus proches voisins},
  url          = {https://en.wikipedia.org/wiki/Nearest_neighbor_search}
}
@online{wikiKNN,
  title        = {Méthode des k plus proches voisins},
  howpublished = {En ligne},
  year         = {2024},
  month        = {03},
  note         = {Page Wikipedia anglophone de la recherche des plus proches voisins},
  url          = {https://fr.wikipedia.org/wiki/Méthode_des_k_plus_proches_voisins}
}

@online{peltier1,
  title        = {LES RNN, LES LSTM, LES GRU ET ELMO},
  howpublished = {En ligne},
  year         = {2019},
  month        = {12},
  url          = {https://lbourdois.github.io/blog/nlp/RNN-LSTM-GRU-ELMO/}
}

@online{peltier2,
  title        = {Les réseaux de neurones récurrents : des RNN simples aux LSTM},
  howpublished = {En ligne},
  year         = {2019},
  month        = {10},
  url          = {https://blog.octo.com/les-reseaux-de-neurones-recurrents-des-rnn-simples-aux-lstm}
}

@online{peltier3,
  title        = {Long Short Term Memory (LSTM) : de quoi s’agit-il ?},
  howpublished = {En ligne},
  year         = {2023},
  month        = {10},
  url          = {https://datascientest.com/long-short-term-memory-tout-savoir}
}

@online{peltier4,
  title        = {Understanding LSTM and its diagrams},
  howpublished = {En ligne},
  year         = {2016},
  month        = {03},
  url          = {https://blog.mlreview.com/understanding-lstm-and-its-diagrams-37e2f46f1714}
}

@online{peltier5,
  title        = {Découvrez les cellules à mémoire interne : les LSTM},
  howpublished = {En ligne},
  year         = {2025},
  month        = {01},
  url          = {https://openclassrooms.com/fr/courses/5801891-initiez-vous-au-deep-learning/5814656-decouvrez-les-cellules-a-memoire-interne-les-lstm}
}


@online{youtube,
      title = {How I’d learn ML in 2024 (if I could start over)},
      date = {2024},
      organization = {Youtube},
      author = {Boris Meinardus},
      url = {https://www.youtube.com/watch?v=gUmagAluXpk},
}

@online{tutoGaussianNB,
      title = {81 Scikit-learn 78 Supervised Learning 56 Naive Bayes classifiers},
      date = {2021},
      organization = {Youtube},
      author = {Learndataa},
      url = {https://www.youtube.com/watch?v=9Tmnr4L5ZOQ},
}

%@phdthesis{citation_key_phd,
%  author       = {Author Name},
%  title        = {Title of the Thesis},
%  school       = {University Name},
%  year         = {Year of Completion},
%  type         = {Type of Thesis (e.g., PhD)},
%  address      = {School Address},
%  month        = {Month},
%  note         = {Additional Notes},
%  url          = {URL}
%}

%@mastersthesis{citation_key_thesis,
%  author       = {Author Name},
%  title        = {Title of the Thesis},
%  school       = {University Name},
%  year         = {Year of Completion},
%  type         = {Type of Thesis (e.g., Master's)},
%  address      = {School Address},
%  month        = {Month},
%  note         = {Additional Notes},
%  url          = {URL}
%}

%@techreport{citation_key_report,
%  author       = {Author Name},
%  title        = {Title of the Report},
%  institution  = {Institution Name},
%  year         = {Year},
%  type         = {Type of Report},
%  number       = {Report Number},
%  address      = {Institution Address},
%  month        = {Month},
%  note         = {Additional Notes},
%  url          = {URL}
%}



@online{MIA_againstML_YT,
  author       = {Reza Shokri},
  title        = {Membership Inference Attacks against Machine Learning Models},
  year         = {2017},
  month        = {05},
  note         = {Vidéo de vulgarisation du papier du même nom},
  url          = {https://www.youtube.com/watch?v=rDm1n2gceJY&t=53s}
}

@online{ML_Beginner,
  author       = {Tatev Aslanyan},
  title        = {Machine Learning in 2024 – Beginner's Course},
  year         = {2024},
  month        = {02},
  url          = {https://www.youtube.com/watch?v=bmmQA8A-yUA&t=1769s}
}



@misc{FP_YT,
  author       = {Author},
  title        = {Membership inference attacks from first principles},
  howpublished = {How published},
  year         = {Year},
  month        = {Month},
  note         = {Some note},
  url          = {https://www.youtube.com/watch?v=1CNxfhMlk-A}
}

@misc{polyProbas,
  author       = {Benjamin JOURDAIN},
  title        = {Probabilités et statistiques pour l’ingénieur},
  year         = {2018},
  month        = {01},
  day = {10}
}


%@misc{citation_key_misc,
%  author       = {Author},
%  title        = {Title},
%  howpublished = {How published},
%  year         = {Year},
%  month        = {Month},
%  note         = {Some note},
%  url          = {URL}
%}

%@unpublished{citation_key_unpublished,
%  author       = {Author Name},
%  title        = {Title of the Work},
%  note         = {Note (e.g., forthcoming, in preparation)},
%  month        = {Month},
%  year         = {Year}
%}